<record><leader>00000cas a22000007a 4500</leader><controlfield tag="001">21163797</controlfield><controlfield tag="008">900302d19321932mnuwr ne      0    0eng d</controlfield><datafield ind1=" " ind2=" " tag="010"><subfield code="a">sn 90059106 </subfield></datafield><datafield ind1=" " ind2=" " tag="040"><subfield code="a">MN#</subfield><subfield code="b">eng</subfield><subfield code="c">MN#</subfield><subfield code="d">OCLCQ</subfield></datafield><datafield ind1=" " ind2=" " tag="019"><subfield code="a">1764529</subfield></datafield><datafield ind1=" " ind2=" " tag="042"><subfield code="a">msc</subfield></datafield><datafield ind1=" " ind2=" " tag="043"><subfield code="a">n-us-mn</subfield></datafield><datafield ind1=" " ind2=" " tag="052"><subfield code="a">4144</subfield><subfield code="b">R77</subfield><subfield code="b">R76</subfield></datafield><datafield ind1=" " ind2=" " tag="052"><subfield code="a">4143</subfield><subfield code="b">R8</subfield></datafield><datafield ind1="0" ind2="4" tag="245"><subfield code="a">The Roseau County leader and Roosevelt reporter.</subfield></datafield><datafield ind1=" " ind2=" " tag="260"><subfield code="a">Roseau, Roseau County, Minn. :</subfield><subfield code="b">Leader Print. and Pub. Co.,</subfield><subfield code="c">1932.</subfield></datafield><datafield ind1=" " ind2=" " tag="300"><subfield code="a">1 v.</subfield></datafield><datafield ind1=" " ind2=" " tag="310"><subfield code="a">Weekly</subfield></datafield><datafield ind1="0" ind2=" " tag="362"><subfield code="a">Vol. 2, no. 10 (Mar. 9, 1932)-v. 2, no. 48 (Dec. 1, 1932).</subfield></datafield><datafield ind1=" " ind2=" " tag="515"><subfield code="a">Issues for Mar. 9-Mar. 23, 1932 called also v. 1, no. 8-v. 1, no. 10.</subfield></datafield><datafield ind1=" " ind2=" " tag="530"><subfield code="a">Available on microfilm from the Minnesota Historical Society.</subfield></datafield><datafield ind1=" " ind2=" " tag="752"><subfield code="a">United States</subfield><subfield code="b">Minnesota</subfield><subfield code="c">Roseau</subfield><subfield code="d">Roseau.</subfield></datafield><datafield ind1="0" ind2="4" tag="780"><subfield code="t">Roseau County leader</subfield><subfield code="w">(DLC)sn 90059105</subfield></datafield><datafield ind1="0" ind2="4" tag="780"><subfield code="t">Roosevelt reporter (Roosevelt, Minn. : 1931)</subfield><subfield code="w">(DLC)sn 90059109</subfield></datafield><datafield ind1="0" ind2="0" tag="785"><subfield code="t">Northern Minnesota leader and Roosevelt reporter</subfield><subfield code="w">(DLC)sn 90059107</subfield></datafield></record>